<?xml version="1.0" encoding="UTF-8"?><collection xmlns="http://www.loc.gov/MARC21/slim"><record><leader>00709nam--2200205-u-4500</leader><controlfield tag="001">000051130</controlfield><controlfield tag="002">20161230</controlfield><controlfield tag="005">20161230201049</controlfield><controlfield tag="008">080522s1000------------r-----000-0-eng-d</controlfield><datafield ind1=" " ind2=" " tag="020"><subfield code="a">0-8218-1140-1</subfield></datafield><datafield ind1=" " ind2=" " tag="040"><subfield code="a">IFIN-HH</subfield></datafield><datafield ind1=" " ind2=" " tag="080"><subfield code="a">519.21:512</subfield></datafield><datafield ind1="1" ind2=" " tag="100"><subfield code="a">Voiculescu, D. V.; Dykema, K. J. ; Nica, A</subfield></datafield><datafield ind1="1" ind2=" " tag="245"><subfield code="a">Free Random Variables. A noncommutative probability approach to free products with applications to random matrices, operator algebras and harmonic analysis on free groups</subfield></datafield><datafield ind1=" " ind2=" " tag="260"><subfield code="a">Providence</subfield><subfield code="b">American Mathematical Society</subfield><subfield code="c">1992</subfield></datafield><datafield ind1=" " ind2=" " tag="300"><subfield code="a">72 p</subfield></datafield><datafield ind1=" " ind2=" " tag="490"><subfield code="a">CRM Monograph Series</subfield><subfield code="v">vol. 1</subfield></datafield><datafield ind1=" " ind2="4" tag="650"><subfield code="a">Selfadjoint operators</subfield></datafield><datafield ind1=" " ind2=" " tag="852"><subfield code="a">82087</subfield><subfield code="c">512</subfield></datafield><datafield ind1=" " ind2=" " tag="CAT"><subfield code="a">Sys</subfield><subfield code="c">20080522</subfield><subfield code="h">091514</subfield></datafield></record></collection>